\@book{bezie,
  title = "Математические основы машинной графики",
  author = "Роджерс, Д. and Адамс, Дж.",
  publisher = "Мир",
  address = "М.",
  year = "2001",
  language = "russian"
}

\@misc{poppler,
  title = "{Poppler}",
  url = "http://poppler.freedesktop.org",
  urldate = "16.05.2020",
  year = "2020",
  language = "russian",
  media = "eresource"
}

\@article{gapbuffer,
  title = "{Gap Buffers, or, Don't Get Tied Up With Ropes?}",
  url = "http://scienceblogs.com/goodmath/2009/02/18/gap-buffers-or-why-bother-with-1",
  urldate = "16.05.2020",
  year = "2009",
  language = "russian",
  media = "eresource"
}

\@misc{qt,
  title = "{Qt Framework}",
  url = "http://www.qt.io",
  urldate = "16.05.2020",
  year = "2020",
  language = "russian",
  media = "eresource"
}

\@misc{texworks,
  title = "{TeXworks}",
  author = "Jonathan Kew, Stefan Löffler, Charlie Sharpsteen",
  url = "http://tug.org/texworks",
  urldate = "16.05.2020",
  year = "2020",
  language = "russian",
  media = "eresource"
}

\@misc{texstudio,
  title = "{TeXstudio}",
  author = "Benito, {\relax van der Zander}",
  url = "http://\allowbreak texstudio.org",
  urldate = "16.05.2020",
  year = "2020",
  language = "russian",
  media = "eresource"
}
